@inproceedings{Takahashi2023,
  title={Performance Evaluation of a Next-Generation {SX-Aurora TSUBASA} Vector Supercomputer},
  author={Takahashi, Keichi and Fujimoto, Soya and Nagase, Satoru and Isobe, Yoko and Shimomura, Yoichi and Egawa, Ryusuke and Takizawa, Hiroyuki},
  booktitle={38th International Conference on High Performance Computing (ISC High Performance 2023)},
  pages={359--378},
  year={2023},
}
@article{Dongarra2003,
author = {Dongarra, Jack J. and Luszczek, Piotr and Petite, Antoine},
issn = {15320626},
journal = {Concurrency and Computation: Practice and Experience},
number = {9},
pages = {803--820},
title = {{The LINPACK benchmark: Past, present and future}},
volume = {15},
year = {2003}
}
@article{Dongarra2016,
author = {Dongarra, Jack and Heroux, Michael A. and Luszczek, Piotr},
isbn = {1094342015593},
issn = {17412846},
journal = {International Journal of High Performance Computing Applications},
number = {1},
pages = {3--10},
title = {{High-performance conjugate-gradient benchmark: A new metric for ranking high-performance computing systems}},
volume = {30},
year = {2016}
}
